@inproceedings{j_e__archer_2003,
    title={ Requirement tracking: a streamlined approach },
    author={ J.E. Archer },
    year={ 2003 },
    doi={ 10.1109/ICRE.2003.1232774 },
}

@inproceedings{evangelos_markopoulos__2009,
    title={ Software project tracking metrics analysis model based on project requirements },
    author={ Evangelos Markopoulos and Georgios Alexopoulos and Nikolitsa Bouzoukou and Javier Bilbao },
    year={ 2009 },
}

@article{maria_grazia_violante__2017,
    title={ An integrated approach to support the Requirement Management (RM) tool customization for a collaborative scenario },
    author={ Maria Grazia Violante and Enrico Vezzetti and Marco Alemanni },
    journal={ International Journal on Interactive Design and Manufacturing (ijidem) },
    year={ 2017 },
    doi={ 10.1007/S12008-015-0266-3 },
}

@inproceedings{edward_r__rang__1985,
    title={ A Requirements to Test Tracking System (RTTS) },
    author={ Edward R. Rang and Karen H. Thelen },
    year={ 1985 },
    doi={ 10.1145/320435.320548 },
}

@misc{b1,
    author    = {GetApp},
    title     = {Helix RM Pricing, Features, Reviews and Alternatives},
    note      = {Available: \url{https://www.getapp.com}. Accessed: Nov. 2024}
}

@misc{b2,
    author    = {A2IS},
    title     = {Helix RM Requirements Management Features},
    note      = {Available: \url{https://a2is.com/catalog/requirements-management-software/helix-rm}. Accessed: Nov. 2024}
}

@inproceedings{michele_zamparelli_2006,
    title={ Using a formal requirements management tool for system engineering: first results at ESO },
    author={ Michele Zamparelli },
    journal={ Proceedings of SPIE },
    year={ 2006 },
    doi={ 10.1117/12.670281 },
}

@article{tarek_nour__2023,
    title={ Software Requirement Engineering: Traceability Techniques and Tools },
    author={ Tarek Nour and Noura Albaladi },
    year={ 2023 },
    doi={ 10.59992/ijci.2023.v2n4p1 },
}

@article{requirements_management_tools_for_software_systems_a_systematic_tools_review_2022,
    title={ Requirements Management Tools for Software Systems: A Systematic Tools Review },
    journal={ Программная инженерия },
    year={ 2022 },
    doi={ 10.17587/prin.13.17-31 },
}

@article{parisa_elahidoost_2024,
    title={ Towards a Tool Supported Approach for Regulatory Requirements Engineering },
    author={ Parisa Elahidoost },
    year={ 2024 },
    doi={ 10.1109/re59067.2024.00067 },
}

@inproceedings{youngki_hong__2010,
    title={ Requirements Management Tool with Evolving Traceability for Heterogeneous Artifacts in the Entire Life Cycle },
    author={ Youngki Hong and Minho Kim and Sang-Woong Lee },
    year={ 2010 },
    doi={ 10.1109/SERA.2010.39 },
}

@misc{bright_ascention_2024,
    author    = {Bright Ascension Ltd},
    title     = {10 reasons to choose Helix},
    note      = {Available: \url{https://brightascension.com/helix/10-reasons-to-choose-helix/}. Accessed: Nov. 2024}
}

@misc{helix_alm_review,
    author    = {Software Connect},
    title     = {Helix ALM Review},
    note      = {Available \url{https://softwareconnect.com/reviews/helix-alm/}. Accessed: Nov. 2024},
}

@inproceedings{lydia_y__chen_2019,
    title={ Opportunities and Challenges for Resource Management and Machine Learning Clusters },
    author={ Lydia Y. Chen },
    year={ 2019 },
    doi={ 10.1145/3368235.3369376 },
}

@article{the_submission_infrastructure,
    title={ HPC resources for CMS offline computing: An integration and scalability challenge for the Submission Infrastructure },
    author={ A. Pérez-Calero Yzquierdo and Marco Mascheroni and Edita Kizinevič and F. Khan and Hyunwoo Kim and Maria Acosta Flechas and Nikos Tsipinakis and Saqib Haleem },
    journal={ Epj Web of Conferences },
    doi={ 10.1051/epjconf/202429501035 },
}

@inproceedings{christian_glaschke__2015,
    title={ Automated Process Model Discovery - Limitations and Challenges },
    author={ Christian Glaschke and Norbert Gronau },
    year={ 2015 },
    doi={ 10.5220/0005885100190025 },
}

@misc{perforce_2024,
    author    = {Perforce},
    title     = {Managing Requirement Reviews with Helix ALM},
    note      = {Available: \url{https://www.perforce.com/sites/default/files/pdfs/managing-requirement-reviews-with-helix-alm.pdf}. Accessed: Nov. 2024}
}